@article{sample_citation1,
  title={A Sample Article Title},
  author={Doe, John and Smith, Jane},
  journal={Journal of Interesting Research},
  year={2023}
}

@book{sample_citation2,
  title={A Comprehensive Book},
  author={Wise, Author},
  publisher={Reputable Publisher},
  year={2022}
}